<?xml version="1.0" encoding="UTF-8"?><collection xmlns="http://www.loc.gov/MARC21/slim"><record><leader>00439nam--2200145-i-4500</leader><controlfield tag="001">000009470</controlfield><controlfield tag="002">20161230</controlfield><controlfield tag="005">20170225201212</controlfield><controlfield tag="008">060222s1000------------r-----000-0-eng-d</controlfield><datafield ind1=" " ind2=" " tag="245"><subfield code="a">Cumulative index to nsj-tr series. Last issue, dec., 1970</subfield></datafield><datafield ind1=" " ind2=" " tag="260"><subfield code="a">Tokyo</subfield><subfield code="b">Japan Atomic Energy Research Institute</subfield><subfield code="c">1970</subfield></datafield><datafield ind1=" " ind2=" " tag="300"><subfield code="a">22 p</subfield></datafield><datafield ind1=" " ind2=" " tag="490"><subfield code="a">Nuclear Science Of Japan. English Translation Series</subfield></datafield><datafield ind1=" " ind2=" " tag="852"><subfield code="a">017</subfield></datafield><datafield ind1=" " ind2=" " tag="CAT"><subfield code="a">SYS</subfield><subfield code="c">20170225</subfield><subfield code="h">201212</subfield></datafield></record></collection>